@article{Bader_2022,
   title={A Simple and Efficient Algorithm for Finding Minimum Spanning Tree Replacement Edges},
   volume={26},
   ISSN={1526-1719},
   url={http://dx.doi.org/10.7155/jgaa.00609},
   DOI={10.7155/jgaa.00609},
   number={4},
   journal={Journal of Graph Algorithms and Applications},
   publisher={Journal of Graph Algorithms and Applications},
   author={Bader, David and Burkhardt, Paul},
   year={2022},
   month=jul, pages={577â€“588} }
