@misc{cpalg-edmonds-karp,
  author       = {E-maxx team},
  title        = {Edmonds-Karp algorithm},
  year         = {n.d.},
  url          = {https://cp-algorithms.com/graph/edmonds_karp.html},
  howpublished = {\url{https://cp-algorithms.com/graph/edmonds_karp.html}}
}